@article{
  aronowSamii2016,
  author = {Aronow, Peter M. and Cyrus Samii},
  title = {Does Regression Produce Representative Estimates of Causal Effects?},
  year = {2016},
  journal = {American Journal of Political Science},
  volume = {60(1)},
  pages = {250-267}
}
@article{
  brieman2001,
  author = {Brieman, Leo},
  title = {Random Forests},
  year = {2001},
  journal = {Machine Learning},
  volume = {45},
  pages = {5-32}
}
@article{
  nielsenEtAl2011,
  author = {Nielsen, Richard A. and Michael G. Findley and Zachary S. Davis and Tara Candland and Daniel L. Nielson},
  title = {Foreign Aid Shocks as a Cause of Violent Armed Conflict},
  year = {2011},
  journal = {American Journal of Political Science},
  volume = {55(2)},
  pages = {219-232}
}
@article{
  wager2016,
  author = {Wager, Stefan},
  title = {Comments On: A Random Forest Guided Tour},
  year = {2016},
  journal = {TEST},
  volume = {25},
  pages = {261-263}
}
@article{
  hillJones2014,
  author = {Hill, Daniel W. and Zachary M. Jones},
  title = {An Empirical Evaluation of Explanations for State Repression},
  year = {2014},
  journal = {American Political Science Review},
  volume = {108(3)},
  pages = {661-687}
}
@article{
  bonica2018,
  author = {Bonica, Adam},
  title = {Inferring Roll-Call Scores from Campaign Contributions Using Supervised Machine Learning},
  year = {2018},
  journal = {American Journal of Political Science},
  volume = {62(4)},
  pages = {830-848}
}
@article{
  carrollKenkel2019,
  author = {Carroll, Robert J. and Brenton Kenkel},
  title = {Prediction, Proxies, and Power},
  year = {2019},
  journal = {American Journal of Political Science},
  volume = {63(3)},
  pages ={577-593}
}
@techreport{
  atheyImbens2015,
  title = {Machine Learning for Estimating Heterogeneous Causal Effects},
  author = {Athey, Susan and Imbens, Guido},
  year = {2015},
  type = {Research Paper},
  institution = {Stanford University, Graduate School of Business}
}
@article{
  fosterEtAl2011,
  author = {Foster, Jared C. and Jeremy {M.G.} Taylor and Stephen Ruberg},
  title = {Subgroup Identification from Randomized Clinical Trial Data},
  year = {2011},
  journal = {Statistics in Medicine},
  volume = {30(24)}
}
@article{
  gleditschEtAl2002,
  author = {Gleditsch, Nils Petter and Peter Wallensteen and Mikael Eriksson and Margareta Sollenberg and H\aa vard Strand},
  title = {Armed Conflict 1946-2001: A New Dataset},
  year = {2002},
  journal = {Journal of Peace Research},
  volume = {39(5)},
  pages = {615-37}
}
@article{
  tierneyEtAl2011,
  author = {Tierney, Michael J. and Daniel L. Nielson and Darren G. Hawkins and J. Timmons Roberts and Michael G. Findley and Ryan M. Powers and Bradley Parks and Sven E. Wilson and Robert L. Hicks},
  title = {More Dollars than Sense: Refining Our Knowledge of Development Finance Using AidData},
  year = {2011},
  journal = {World Development},
  volume = {39(11)},
  pages = {1891-1906}
}
@article{
  kingZeng2001,
  author = {King, Gary and Langche Zang},
  title = {Logistic Regression in Rare Events Data},
  year = {2001},
  journal = {Political Analysis},
  volume = {9(2)},
  pages = {137-163}
}
@phdthesis{
  louppe2014,
  author = {Louppe, Gilles},
  title = {Understanding Random Forests: From Theory to Practice},
  school = {Universit\'{e} de Li\`{e}ge},
  year = {2014}
}
@article{
  alesinaDollar2000,
  author = {Alesina, Alberto and David Dollar},
  title = {Who Gives Foreign Aid to Whom and Why?},
  year = {2000},
  journal = {Journal of Economic Growth},
  volume = {5(1)},
  pages = {33-63}
}
@article{
  bleaneyDimico2011,
  author = {Bleaney, Michael and Arcangelo Dimico},
  title = {How Different Are the Correlates of Onset and Continuation of Civil Wars?},
  year = {2011},
  journal = {Journal of Peace Research},
  volume = {48(2)},
  pages = {145-155}
}
@article{
  braithwaiteEtAl2016,
  author = {Braithwaite, Alex and Niheer Dasandi and David Hudson},
  title = {Does Poverty Cause Conflict? Isolating the Causal Origins of the Conflict Trap},
  year = {2016},
  journal = {Conflict Management and Peace Science},
  volume = {33(1)},
  pages = {45-66}
}
@article{
  bermeo2017,
  author = {Bermeo, Sarah B.},
  title = {Aid Allocation and Targeted Development in an Increasingly Connected World},
  year = {2017},
  journal = {International Organization},
  volume = {74(1)},
  pages = {735-766}
}